<?xml version="1.0" encoding="UTF-8"?><collection xmlns="http://www.loc.gov/MARC21/slim"><record><leader>00541nam--2200193-i-4500</leader><controlfield tag="001">000002252</controlfield><controlfield tag="002">20161230</controlfield><controlfield tag="005">20161230201024</controlfield><controlfield tag="008">060222s1000------------r-----000-0-eng-d</controlfield><datafield ind1=" " ind2=" " tag="040"><subfield code="a">IFIN-HH</subfield></datafield><datafield ind1=" " ind2=" " tag="080"><subfield code="a">53</subfield></datafield><datafield ind1="1" ind2=" " tag="100"><subfield code="a">Green, J. R</subfield></datafield><datafield ind1="1" ind2="0" tag="245"><subfield code="a">Statistical treatment of experimental data</subfield><subfield code="c">J.r. green, d.margerison</subfield></datafield><datafield ind1=" " ind2=" " tag="260"><subfield code="a">Amsterdam</subfield><subfield code="b">Elsevier Scientific Publishing Company</subfield><subfield code="c">1978</subfield></datafield><datafield ind1=" " ind2=" " tag="300"><subfield code="a">X + 382 P</subfield></datafield><datafield ind1=" " ind2=" " tag="490"><subfield code="a">Physical Sciences Data 2</subfield></datafield><datafield ind1="1" ind2=" " tag="700"><subfield code="a">Margerison, D</subfield></datafield><datafield ind1=" " ind2=" " tag="852"><subfield code="a">47053</subfield><subfield code="c">53.08</subfield></datafield><datafield ind1=" " ind2=" " tag="CAT"><subfield code="a">Sys</subfield><subfield code="c">20151029</subfield><subfield code="h">122608</subfield></datafield></record></collection>